<?xml version = "1.0" encoding = "UTF-8"?><record>
  <leader>01642nam#a2200457#c#4500</leader>
  <controlfield tag="005">20210409001208.0</controlfield>
  <controlfield tag="007">tu</controlfield>
  <controlfield tag="008">080207|2002####ic############|||#|#ice#c</controlfield>
  <controlfield tag="003">DE-605</controlfield>
  <controlfield tag="001">990164685130206441</controlfield>
  <datafield tag="016" ind1="7" ind2=" ">
    <subfield code="a">1074487633</subfield>
    <subfield code="2">OCoLC</subfield>
  </datafield>
  <datafield tag="020" ind1=" " ind2=" ">
    <subfield code="a">997977407X</subfield>
    <subfield code="9">9979-774-07-X</subfield>
    <subfield code="0">(uri) http://www.isbnsearch.org/isbn/997977407X</subfield>
  </datafield>
  <datafield tag="020" ind1=" " ind2=" ">
    <subfield code="a">9979774088</subfield>
    <subfield code="9">9979-774-08-8</subfield>
    <subfield code="0">(uri) http://www.isbnsearch.org/isbn/9979774088</subfield>
  </datafield>
  <datafield tag="020" ind1=" " ind2=" ">
    <subfield code="a">9979774096</subfield>
    <subfield code="9">9979-774-09-6</subfield>
    <subfield code="0">(uri) http://www.isbnsearch.org/isbn/9979774096</subfield>
  </datafield>
  <datafield tag="020" ind1=" " ind2=" ">
    <subfield code="a">997977410X</subfield>
    <subfield code="9">9979-774-10-X</subfield>
    <subfield code="0">(uri) http://www.isbnsearch.org/isbn/997977410X</subfield>
  </datafield>
  <datafield tag="035" ind1=" " ind2=" ">
    <subfield code="a">(DE-605)HT015425967</subfield>
  </datafield>
  <datafield tag="040" ind1=" " ind2=" ">
    <subfield code="a">38</subfield>
    <subfield code="b">ger</subfield>
    <subfield code="d">38</subfield>
    <subfield code="e">rakwb</subfield>
  </datafield>
  <datafield tag="041" ind1=" " ind2=" ">
    <subfield code="a">ice</subfield>
    <subfield code="a">fre</subfield>
    <subfield code="a">eng</subfield>
    <subfield code="a">ger</subfield>
  </datafield>
  <datafield tag="044" ind1=" " ind2=" ">
    <subfield code="c">XA-IS</subfield>
  </datafield>
  <datafield tag="100" ind1="1" ind2=" ">
    <subfield code="a">Desgraupes, Patrick</subfield>
    <subfield code="0">(DE-588)131654012</subfield>
    <subfield code="4">aut</subfield>
    <subfield code="0">(uri) https://portal.dnb.de/opac.htm?method=simpleSearch&amp;cqlMode=true&amp;query=idn=131654012</subfield>
    <subfield code="0">(uri) http://viaf.org/viaf/sourceID/DNB|131654012</subfield>
    <subfield code="B">GND-131654012</subfield>
  </datafield>
  <datafield tag="245" ind1="1" ind2="0">
    <subfield code="a">&#205;sland</subfield>
    <subfield code="b"> = Islande : le sublime - l&apos;imaginaire = Iceland</subfield>
    <subfield code="c">Patrick Desgraupes</subfield>
  </datafield>
  <datafield tag="246" ind1="1" ind2="1">
    <subfield code="a">Islande</subfield>
    <subfield code="b">le sublime - l&apos;imaginaire</subfield>
  </datafield>
  <datafield tag="246" ind1="1" ind2="1">
    <subfield code="a">Iceland</subfield>
  </datafield>
  <datafield tag="246" ind1="3" ind2=" ">
    <subfield code="a">Island und die Snorra Edda</subfield>
  </datafield>
  <datafield tag="246" ind1="1" ind2=" ">
    <subfield code="i">Nebentitel</subfield>
    <subfield code="a">Island und die Snorra Edda</subfield>
  </datafield>
  <datafield tag="264" ind1=" " ind2="1">
    <subfield code="a">Reykjav&#237;k</subfield>
    <subfield code="b">Bjartur</subfield>
    <subfield code="c">2002</subfield>
  </datafield>
  <datafield tag="300" ind1=" " ind2=" ">
    <subfield code="a">62 S. : &#252;berwiegend Ill.</subfield>
  </datafield>
  <datafield tag="500" ind1=" " ind2=" ">
    <subfield code="a">Ausz&#252;ge aus der Snorra Edda</subfield>
    <subfield code="9">F:517</subfield>
  </datafield>
  <datafield tag="546" ind1=" " ind2=" ">
    <subfield code="a">Textin isl&#228;nd., franz., dt., engl. u. schwed.</subfield>
  </datafield>
  <datafield tag="655" ind1=" " ind2="7">
    <subfield code="a">Bildband</subfield>
    <subfield code="0">(DE-588)4145395-5</subfield>
    <subfield code="2">gnd-content</subfield>
  </datafield>
  <datafield tag="689" ind1="0" ind2="0">
    <subfield code="a">Island</subfield>
    <subfield code="D">g</subfield>
    <subfield code="0">(DE-588)4027754-9</subfield>
    <subfield code="0">(uri) https://portal.dnb.de/opac.htm?method=simpleSearch&amp;cqlMode=true&amp;query=idn=040277542</subfield>
    <subfield code="0">(uri) http://viaf.org/viaf/sourceID/DNB|040277542</subfield>
    <subfield code="B">GND-040277542</subfield>
  </datafield>
  <datafield tag="689" ind1="0" ind2="1">
    <subfield code="a">Landschaft</subfield>
    <subfield code="g">Motiv</subfield>
    <subfield code="D">s</subfield>
    <subfield code="0">(DE-588)4114354-1</subfield>
    <subfield code="0">(uri) https://portal.dnb.de/opac.htm?method=simpleSearch&amp;cqlMode=true&amp;query=idn=04114354X</subfield>
    <subfield code="0">(uri) http://viaf.org/viaf/sourceID/DNB|04114354X</subfield>
    <subfield code="B">GND-04114354X</subfield>
  </datafield>
  <datafield tag="689" ind1="1" ind2="0">
    <subfield code="a">Snorri</subfield>
    <subfield code="c">Sturluson</subfield>
    <subfield code="d">1178-1241</subfield>
    <subfield code="t">Edda</subfield>
    <subfield code="D">p</subfield>
    <subfield code="0">(DE-588)4243926-7</subfield>
    <subfield code="0">(uri) https://portal.dnb.de/opac.htm?method=simpleSearch&amp;cqlMode=true&amp;query=idn=042439264</subfield>
    <subfield code="0">(uri) http://viaf.org/viaf/sourceID/DNB|042439264</subfield>
    <subfield code="B">GND-042439264</subfield>
  </datafield>
  <datafield tag="689" ind1="1" ind2="1">
    <subfield code="a">Illustration</subfield>
    <subfield code="D">s</subfield>
    <subfield code="0">(DE-588)4123412-1</subfield>
    <subfield code="0">(uri) https://portal.dnb.de/opac.htm?method=simpleSearch&amp;cqlMode=true&amp;query=idn=04123412X</subfield>
    <subfield code="0">(uri) http://viaf.org/viaf/sourceID/DNB|04123412X</subfield>
    <subfield code="B">GND-04123412X</subfield>
  </datafield>
  <datafield tag="700" ind1="0" ind2=" ">
    <subfield code="a">Snorri</subfield>
    <subfield code="c">Sturluson</subfield>
    <subfield code="d">1178-1241</subfield>
    <subfield code="9">O:800</subfield>
    <subfield code="0">(DE-588)118797816</subfield>
    <subfield code="4">aut</subfield>
    <subfield code="0">(uri) https://portal.dnb.de/opac.htm?method=simpleSearch&amp;cqlMode=true&amp;query=idn=118797816</subfield>
    <subfield code="0">(uri) http://viaf.org/viaf/sourceID/DNB|118797816</subfield>
    <subfield code="B">GND-118797816</subfield>
  </datafield>
  <datafield tag="700" ind1="0" ind2="2">
    <subfield code="a">Snorri</subfield>
    <subfield code="c">Sturluson</subfield>
    <subfield code="d">1178-1241</subfield>
    <subfield code="t">Snorra Edda</subfield>
    <subfield code="9">O:805b</subfield>
  </datafield>
  <datafield tag="964" ind1="0" ind2="s">
    <subfield code="F">030</subfield>
    <subfield code="A">a|1uc||||||17</subfield>
  </datafield>
  <datafield tag="964" ind1="0" ind2="s">
    <subfield code="F">050</subfield>
    <subfield code="A">a|||||||||||||</subfield>
  </datafield>
  <datafield tag="964" ind1="0" ind2="s">
    <subfield code="F">051</subfield>
    <subfield code="A">m|||||||</subfield>
  </datafield>
  <datafield tag="035" ind1=" " ind2=" ">
    <subfield code="a">(OCoLC)1074487633</subfield>
    <subfield code="0">(uri) http://www.worldcat.org/oclc/1074487633</subfield>
  </datafield>
  <datafield tag="035" ind1=" " ind2=" ">
    <subfield code="a">(DE-599)HBZHT015425967</subfield>
  </datafield>
  <datafield tag="MBD" ind1=" " ind2=" ">
    <subfield code="M">49HBZ_NETWORK</subfield>
    <subfield code="i">990164685130206441</subfield>
    <subfield code="n">HBZ Network</subfield>
  </datafield>
  <datafield tag="MNG" ind1=" " ind2=" ">
    <subfield code="c">System</subfield>
    <subfield code="f">ILS</subfield>
    <subfield code="i">marc21</subfield>
    <subfield code="k">01</subfield>
    <subfield code="e">false</subfield>
    <subfield code="d">2021-08-12 04:04:55 Europe/Berlin</subfield>
    <subfield code="g">016468513-HBZ01</subfield>
    <subfield code="j">60</subfield>
    <subfield code="a">import</subfield>
    <subfield code="b">2021-04-05 09:58:51 Europe/Berlin</subfield>
  </datafield>
  <datafield tag="GSI" ind1="7" ind2=" ">
    <subfield code="a">http://d-nb.info/gnd/131654012</subfield>
    <subfield code="2">uri</subfield>
    <subfield code="A">GND</subfield>
    <subfield code="B">GND-131654012</subfield>
    <subfield code="C">024</subfield>
  </datafield>
  <datafield tag="GST" ind1=" " ind2=" ">
    <subfield code="a">Abbildung</subfield>
    <subfield code="g">Buchkunst</subfield>
    <subfield code="A">GND</subfield>
    <subfield code="B">GND-04123412X</subfield>
    <subfield code="C">450</subfield>
  </datafield>
  <datafield tag="GST" ind1=" " ind2=" ">
    <subfield code="a">Buchillustration</subfield>
    <subfield code="A">GND</subfield>
    <subfield code="B">GND-04123412X</subfield>
    <subfield code="C">450</subfield>
  </datafield>
  <datafield tag="GST" ind1=" " ind2=" ">
    <subfield code="a">Buch</subfield>
    <subfield code="x">Illustration</subfield>
    <subfield code="A">GND</subfield>
    <subfield code="B">GND-04123412X</subfield>
    <subfield code="C">450</subfield>
  </datafield>
  <datafield tag="GST" ind1=" " ind2=" ">
    <subfield code="a">Bebilderung</subfield>
    <subfield code="A">GND</subfield>
    <subfield code="B">GND-04123412X</subfield>
    <subfield code="C">450</subfield>
  </datafield>
  <datafield tag="GST" ind1=" " ind2=" ">
    <subfield code="a">Bildmaterial</subfield>
    <subfield code="g">Buchkunst</subfield>
    <subfield code="A">GND</subfield>
    <subfield code="B">GND-04123412X</subfield>
    <subfield code="C">450</subfield>
  </datafield>
  <datafield tag="GST" ind1=" " ind2=" ">
    <subfield code="a">Wissenschaftliche Illustration</subfield>
    <subfield code="A">GND</subfield>
    <subfield code="B">GND-04123412X</subfield>
    <subfield code="C">450</subfield>
  </datafield>
  <datafield tag="GST" ind1=" " ind2=" ">
    <subfield code="a">Illustrationen</subfield>
    <subfield code="A">GND</subfield>
    <subfield code="B">GND-04123412X</subfield>
    <subfield code="C">450</subfield>
  </datafield>
  <datafield tag="GST" ind1=" " ind2=" ">
    <subfield code="a">Buchillustrationen</subfield>
    <subfield code="A">GND</subfield>
    <subfield code="B">GND-04123412X</subfield>
    <subfield code="C">450</subfield>
  </datafield>
  <datafield tag="GSI" ind1="7" ind2=" ">
    <subfield code="a">http://d-nb.info/gnd/4123412-1</subfield>
    <subfield code="2">uri</subfield>
    <subfield code="A">GND</subfield>
    <subfield code="B">GND-04123412X</subfield>
    <subfield code="C">024</subfield>
  </datafield>
  <datafield tag="GST" ind1=" " ind2=" ">
    <subfield code="a">Landschaftsdarstellung</subfield>
    <subfield code="A">GND</subfield>
    <subfield code="B">GND-04114354X</subfield>
    <subfield code="C">450</subfield>
  </datafield>
  <datafield tag="GSI" ind1="7" ind2=" ">
    <subfield code="a">http://d-nb.info/gnd/4114354-1</subfield>
    <subfield code="2">uri</subfield>
    <subfield code="A">GND</subfield>
    <subfield code="B">GND-04114354X</subfield>
    <subfield code="C">024</subfield>
  </datafield>
  <datafield tag="GSI" ind1="7" ind2=" ">
    <subfield code="a">4027754-9</subfield>
    <subfield code="0">http://d-nb.info/gnd/4027754-9</subfield>
    <subfield code="2">gnd</subfield>
    <subfield code="A">GND</subfield>
    <subfield code="B">GND-040277542</subfield>
    <subfield code="C">024</subfield>
  </datafield>
  <datafield tag="GSI" ind1="7" ind2=" ">
    <subfield code="a">2629691</subfield>
    <subfield code="2">geonames</subfield>
    <subfield code="A">GND</subfield>
    <subfield code="B">GND-040277542</subfield>
    <subfield code="C">024</subfield>
  </datafield>
  <datafield tag="GGN" ind1=" " ind2=" ">
    <subfield code="a">Ly&#273;veldi&#273; Island</subfield>
    <subfield code="A">GND</subfield>
    <subfield code="B">GND-040277542</subfield>
    <subfield code="C">451</subfield>
  </datafield>
  <datafield tag="GGN" ind1=" " ind2=" ">
    <subfield code="a">&#205;sland</subfield>
    <subfield code="4">ngkd</subfield>
    <subfield code="4">https://d-nb.info/standards/elementset/gnd#variantName</subfield>
    <subfield code="w">r</subfield>
    <subfield code="i">Ehemalige Vorzugsbenennung GKD</subfield>
    <subfield code="A">GND</subfield>
    <subfield code="B">GND-040277542</subfield>
    <subfield code="C">451</subfield>
  </datafield>
  <datafield tag="GGN" ind1=" " ind2=" ">
    <subfield code="a">Iceland</subfield>
    <subfield code="A">GND</subfield>
    <subfield code="B">GND-040277542</subfield>
    <subfield code="C">451</subfield>
  </datafield>
  <datafield tag="GGN" ind1=" " ind2=" ">
    <subfield code="a">Republik Island</subfield>
    <subfield code="A">GND</subfield>
    <subfield code="B">GND-040277542</subfield>
    <subfield code="C">451</subfield>
  </datafield>
  <datafield tag="GGN" ind1=" " ind2=" ">
    <subfield code="a">L&#253;&#240;veldi&#240; Island</subfield>
    <subfield code="A">GND</subfield>
    <subfield code="B">GND-040277542</subfield>
    <subfield code="C">451</subfield>
  </datafield>
  <datafield tag="GGN" ind1=" " ind2=" ">
    <subfield code="a">Lydveldid Island</subfield>
    <subfield code="A">GND</subfield>
    <subfield code="B">GND-040277542</subfield>
    <subfield code="C">451</subfield>
  </datafield>
  <datafield tag="GGN" ind1=" " ind2=" ">
    <subfield code="a">Republic of Iceland</subfield>
    <subfield code="A">GND</subfield>
    <subfield code="B">GND-040277542</subfield>
    <subfield code="C">451</subfield>
  </datafield>
  <datafield tag="GGN" ind1=" " ind2=" ">
    <subfield code="a">Eisland</subfield>
    <subfield code="A">GND</subfield>
    <subfield code="B">GND-040277542</subfield>
    <subfield code="C">451</subfield>
  </datafield>
  <datafield tag="GGN" ind1=" " ind2=" ">
    <subfield code="a">Islandia</subfield>
    <subfield code="A">GND</subfield>
    <subfield code="B">GND-040277542</subfield>
    <subfield code="C">451</subfield>
  </datafield>
  <datafield tag="GPN" ind1="0" ind2=" ">
    <subfield code="a">Snorra</subfield>
    <subfield code="d">1178-1241</subfield>
    <subfield code="A">GND</subfield>
    <subfield code="B">GND-118797816</subfield>
    <subfield code="C">400</subfield>
  </datafield>
  <datafield tag="GPN" ind1="0" ind2=" ">
    <subfield code="a">Snorre</subfield>
    <subfield code="c">Sturles&#248;n</subfield>
    <subfield code="d">1178-1241</subfield>
    <subfield code="A">GND</subfield>
    <subfield code="B">GND-118797816</subfield>
    <subfield code="C">400</subfield>
  </datafield>
  <datafield tag="GPN" ind1="0" ind2=" ">
    <subfield code="a">Snorri</subfield>
    <subfield code="c">fils de Sturla</subfield>
    <subfield code="d">1178-1241</subfield>
    <subfield code="A">GND</subfield>
    <subfield code="B">GND-118797816</subfield>
    <subfield code="C">400</subfield>
  </datafield>
  <datafield tag="GPN" ind1="0" ind2=" ">
    <subfield code="a">Snorri</subfield>
    <subfield code="c">Sturlasson</subfield>
    <subfield code="d">1178-1241</subfield>
    <subfield code="A">GND</subfield>
    <subfield code="B">GND-118797816</subfield>
    <subfield code="C">400</subfield>
  </datafield>
  <datafield tag="GPN" ind1="0" ind2=" ">
    <subfield code="a">Snorri</subfield>
    <subfield code="c">Sturleson</subfield>
    <subfield code="d">1178-1241</subfield>
    <subfield code="A">GND</subfield>
    <subfield code="B">GND-118797816</subfield>
    <subfield code="C">400</subfield>
  </datafield>
  <datafield tag="GPN" ind1="0" ind2=" ">
    <subfield code="a">Snorro</subfield>
    <subfield code="c">Sturlaeus</subfield>
    <subfield code="d">1178-1241</subfield>
    <subfield code="A">GND</subfield>
    <subfield code="B">GND-118797816</subfield>
    <subfield code="C">400</subfield>
  </datafield>
  <datafield tag="GPN" ind1="0" ind2=" ">
    <subfield code="a">Snorro</subfield>
    <subfield code="c">Sturlonides</subfield>
    <subfield code="d">1178-1241</subfield>
    <subfield code="A">GND</subfield>
    <subfield code="B">GND-118797816</subfield>
    <subfield code="C">400</subfield>
  </datafield>
  <datafield tag="GPN" ind1="1" ind2=" ">
    <subfield code="a">Sturlas&#248;n, Snorre</subfield>
    <subfield code="d">1178-1241</subfield>
    <subfield code="A">GND</subfield>
    <subfield code="B">GND-118797816</subfield>
    <subfield code="C">400</subfield>
  </datafield>
  <datafield tag="GPN" ind1="1" ind2=" ">
    <subfield code="a">Sturlasson, Snorre</subfield>
    <subfield code="d">1178-1241</subfield>
    <subfield code="A">GND</subfield>
    <subfield code="B">GND-118797816</subfield>
    <subfield code="C">400</subfield>
  </datafield>
  <datafield tag="GPN" ind1="1" ind2=" ">
    <subfield code="a">Sturlasson, Snorri</subfield>
    <subfield code="d">1178-1241</subfield>
    <subfield code="A">GND</subfield>
    <subfield code="B">GND-118797816</subfield>
    <subfield code="C">400</subfield>
  </datafield>
  <datafield tag="GPN" ind1="1" ind2=" ">
    <subfield code="a">Sturleson, Snorre</subfield>
    <subfield code="d">1178-1241</subfield>
    <subfield code="A">GND</subfield>
    <subfield code="B">GND-118797816</subfield>
    <subfield code="C">400</subfield>
  </datafield>
  <datafield tag="GPN" ind1="1" ind2=" ">
    <subfield code="a">Sturles&#248;n, Snorro</subfield>
    <subfield code="d">1178-1241</subfield>
    <subfield code="A">GND</subfield>
    <subfield code="B">GND-118797816</subfield>
    <subfield code="C">400</subfield>
  </datafield>
  <datafield tag="GPN" ind1="1" ind2=" ">
    <subfield code="a">Sturlosen, Snorri</subfield>
    <subfield code="d">1178-1241</subfield>
    <subfield code="A">GND</subfield>
    <subfield code="B">GND-118797816</subfield>
    <subfield code="C">400</subfield>
  </datafield>
  <datafield tag="GPN" ind1="1" ind2=" ">
    <subfield code="a">Sturluson, Snorre</subfield>
    <subfield code="d">1178-1241</subfield>
    <subfield code="A">GND</subfield>
    <subfield code="B">GND-118797816</subfield>
    <subfield code="C">400</subfield>
  </datafield>
  <datafield tag="GPN" ind1="1" ind2=" ">
    <subfield code="a">Sturlonides, Snorro</subfield>
    <subfield code="d">1178-1241</subfield>
    <subfield code="A">GND</subfield>
    <subfield code="B">GND-118797816</subfield>
    <subfield code="C">400</subfield>
  </datafield>
  <datafield tag="GPN" ind1="1" ind2=" ">
    <subfield code="a">Sturlasyni, Snorra</subfield>
    <subfield code="d">1178-1241</subfield>
    <subfield code="A">GND</subfield>
    <subfield code="B">GND-118797816</subfield>
    <subfield code="C">400</subfield>
  </datafield>
  <datafield tag="GPN" ind1="1" ind2=" ">
    <subfield code="a">Sturlusyni, Snorra</subfield>
    <subfield code="d">1178-1241</subfield>
    <subfield code="A">GND</subfield>
    <subfield code="B">GND-118797816</subfield>
    <subfield code="C">400</subfield>
  </datafield>
  <datafield tag="GPN" ind1="0" ind2=" ">
    <subfield code="a">Snorro</subfield>
    <subfield code="c">Sturluson</subfield>
    <subfield code="d">1178-1241</subfield>
    <subfield code="A">GND</subfield>
    <subfield code="B">GND-118797816</subfield>
    <subfield code="C">400</subfield>
  </datafield>
  <datafield tag="GPN" ind1="0" ind2=" ">
    <subfield code="a">Snorro</subfield>
    <subfield code="c">Sturles&#248;n</subfield>
    <subfield code="d">1178-1241</subfield>
    <subfield code="A">GND</subfield>
    <subfield code="B">GND-118797816</subfield>
    <subfield code="C">400</subfield>
  </datafield>
  <datafield tag="GPN" ind1="1" ind2=" ">
    <subfield code="a">Sturleson, Snoiro</subfield>
    <subfield code="d">1178-1241</subfield>
    <subfield code="A">GND</subfield>
    <subfield code="B">GND-118797816</subfield>
    <subfield code="C">400</subfield>
  </datafield>
  <datafield tag="GPN" ind1="0" ind2=" ">
    <subfield code="a">Snorro</subfield>
    <subfield code="c">Sturlae filio</subfield>
    <subfield code="d">1178-1241</subfield>
    <subfield code="A">GND</subfield>
    <subfield code="B">GND-118797816</subfield>
    <subfield code="C">400</subfield>
  </datafield>
  <datafield tag="GPN" ind1="0" ind2=" ">
    <subfield code="a">Snorre</subfield>
    <subfield code="c">Sturleson</subfield>
    <subfield code="d">1178-1241</subfield>
    <subfield code="A">GND</subfield>
    <subfield code="B">GND-118797816</subfield>
    <subfield code="C">400</subfield>
  </datafield>
  <datafield tag="GPN" ind1="0" ind2=" ">
    <subfield code="a">Snorra</subfield>
    <subfield code="c">Sturlusyni</subfield>
    <subfield code="d">1178-1241</subfield>
    <subfield code="A">GND</subfield>
    <subfield code="B">GND-118797816</subfield>
    <subfield code="C">400</subfield>
  </datafield>
  <datafield tag="GPN" ind1="0" ind2=" ">
    <subfield code="a">Snorre</subfield>
    <subfield code="c">Sturluson</subfield>
    <subfield code="d">1178-1241</subfield>
    <subfield code="A">GND</subfield>
    <subfield code="B">GND-118797816</subfield>
    <subfield code="C">400</subfield>
  </datafield>
  <datafield tag="GPN" ind1="1" ind2=" ">
    <subfield code="a">Sturleson, Snorri</subfield>
    <subfield code="d">1178-1241</subfield>
    <subfield code="A">GND</subfield>
    <subfield code="B">GND-118797816</subfield>
    <subfield code="C">400</subfield>
  </datafield>
  <datafield tag="GPN" ind1="1" ind2=" ">
    <subfield code="a">Sturlson, Snorro</subfield>
    <subfield code="d">1178-1241</subfield>
    <subfield code="A">GND</subfield>
    <subfield code="B">GND-118797816</subfield>
    <subfield code="C">400</subfield>
  </datafield>
  <datafield tag="GPN" ind1="1" ind2=" ">
    <subfield code="a">Sturlasson, Snorro</subfield>
    <subfield code="d">1178-1241</subfield>
    <subfield code="A">GND</subfield>
    <subfield code="B">GND-118797816</subfield>
    <subfield code="C">400</subfield>
  </datafield>
  <datafield tag="GPN" ind1="1" ind2=" ">
    <subfield code="a">Sturluson, Snorro</subfield>
    <subfield code="d">1178-1241</subfield>
    <subfield code="A">GND</subfield>
    <subfield code="B">GND-118797816</subfield>
    <subfield code="C">400</subfield>
  </datafield>
  <datafield tag="GPN" ind1="1" ind2=" ">
    <subfield code="a">Sturlaeus, Snorro</subfield>
    <subfield code="d">1178-1241</subfield>
    <subfield code="A">GND</subfield>
    <subfield code="B">GND-118797816</subfield>
    <subfield code="C">400</subfield>
  </datafield>
  <datafield tag="GPN" ind1="0" ind2=" ">
    <subfield code="a">Snorre Sturlas&#248;n</subfield>
    <subfield code="d">1178-1241</subfield>
    <subfield code="A">GND</subfield>
    <subfield code="B">GND-118797816</subfield>
    <subfield code="C">400</subfield>
  </datafield>
  <datafield tag="GPN" ind1="0" ind2=" ">
    <subfield code="a">Snorre Sturlasson</subfield>
    <subfield code="d">1178-1241</subfield>
    <subfield code="A">GND</subfield>
    <subfield code="B">GND-118797816</subfield>
    <subfield code="C">400</subfield>
  </datafield>
  <datafield tag="GPN" ind1="1" ind2=" ">
    <subfield code="a">Sturles&#248;n, Snorre</subfield>
    <subfield code="d">1178-1241</subfield>
    <subfield code="A">GND</subfield>
    <subfield code="B">GND-118797816</subfield>
    <subfield code="C">400</subfield>
  </datafield>
  <datafield tag="GPN" ind1="0" ind2=" ">
    <subfield code="a">Snorro</subfield>
    <subfield code="d">1178-1241</subfield>
    <subfield code="A">GND</subfield>
    <subfield code="B">GND-118797816</subfield>
    <subfield code="C">400</subfield>
  </datafield>
  <datafield tag="GPN" ind1="0" ind2=" ">
    <subfield code="a">Snorre</subfield>
    <subfield code="c">Sturloson</subfield>
    <subfield code="d">1178-1241</subfield>
    <subfield code="A">GND</subfield>
    <subfield code="B">GND-118797816</subfield>
    <subfield code="C">400</subfield>
  </datafield>
  <datafield tag="GPN" ind1="0" ind2=" ">
    <subfield code="a">Snorre</subfield>
    <subfield code="d">1178-1241</subfield>
    <subfield code="A">GND</subfield>
    <subfield code="B">GND-118797816</subfield>
    <subfield code="C">400</subfield>
  </datafield>
  <datafield tag="GPN" ind1="0" ind2=" ">
    <subfield code="a">Snorro Sturlae</subfield>
    <subfield code="d">1178-1241</subfield>
    <subfield code="A">GND</subfield>
    <subfield code="B">GND-118797816</subfield>
    <subfield code="C">400</subfield>
  </datafield>
  <datafield tag="GPN" ind1="1" ind2=" ">
    <subfield code="a">Sturla, Snorri</subfield>
    <subfield code="d">1178-1241</subfield>
    <subfield code="A">GND</subfield>
    <subfield code="B">GND-118797816</subfield>
    <subfield code="C">400</subfield>
  </datafield>
  <datafield tag="GPN" ind1="0" ind2=" ">
    <subfield code="a">Snurri</subfield>
    <subfield code="c">Sturla</subfield>
    <subfield code="d">1178-1241</subfield>
    <subfield code="A">GND</subfield>
    <subfield code="B">GND-118797816</subfield>
    <subfield code="C">400</subfield>
  </datafield>
  <datafield tag="GPN" ind1="0" ind2=" ">
    <subfield code="a">Snorri Sturluson</subfield>
    <subfield code="d">1178-1241</subfield>
    <subfield code="A">GND</subfield>
    <subfield code="B">GND-118797816</subfield>
    <subfield code="C">400</subfield>
  </datafield>
  <datafield tag="GPN" ind1="0" ind2=" ">
    <subfield code="a">Snorra</subfield>
    <subfield code="c">Sturlusini</subfield>
    <subfield code="d">1178-1241</subfield>
    <subfield code="A">GND</subfield>
    <subfield code="B">GND-118797816</subfield>
    <subfield code="C">400</subfield>
  </datafield>
  <datafield tag="GPN" ind1="0" ind2=" ">
    <subfield code="a">Snorre</subfield>
    <subfield code="c">Sturlass&#248;n</subfield>
    <subfield code="d">1178-1241</subfield>
    <subfield code="A">GND</subfield>
    <subfield code="B">GND-118797816</subfield>
    <subfield code="C">400</subfield>
  </datafield>
  <datafield tag="GPN" ind1="0" ind2=" ">
    <subfield code="a">Sturlaeus</subfield>
    <subfield code="c">Thordius</subfield>
    <subfield code="d">1178-1241</subfield>
    <subfield code="A">GND</subfield>
    <subfield code="B">GND-118797816</subfield>
    <subfield code="C">400</subfield>
  </datafield>
  <datafield tag="GPN" ind1="0" ind2=" ">
    <subfield code="a">Snorro</subfield>
    <subfield code="c">Sturleson</subfield>
    <subfield code="d">1178-1241</subfield>
    <subfield code="A">GND</subfield>
    <subfield code="B">GND-118797816</subfield>
    <subfield code="C">400</subfield>
  </datafield>
  <datafield tag="GPN" ind1="1" ind2=" ">
    <subfield code="a">Sturleson, Snorro</subfield>
    <subfield code="d">1178-1241</subfield>
    <subfield code="A">GND</subfield>
    <subfield code="B">GND-118797816</subfield>
    <subfield code="C">400</subfield>
  </datafield>
  <datafield tag="GPN" ind1="1" ind2=" ">
    <subfield code="a">Sturluson, Snorri</subfield>
    <subfield code="d">1178-1241</subfield>
    <subfield code="A">GND</subfield>
    <subfield code="B">GND-118797816</subfield>
    <subfield code="C">400</subfield>
  </datafield>
  <datafield tag="GPN" ind1="1" ind2=" ">
    <subfield code="a">Sturlason, Snorre</subfield>
    <subfield code="d">1178-1241</subfield>
    <subfield code="A">GND</subfield>
    <subfield code="B">GND-118797816</subfield>
    <subfield code="C">400</subfield>
  </datafield>
  <datafield tag="GPN" ind1="0" ind2=" ">
    <subfield code="a">Snorre</subfield>
    <subfield code="c">Sturlason</subfield>
    <subfield code="d">1178-1241</subfield>
    <subfield code="A">GND</subfield>
    <subfield code="B">GND-118797816</subfield>
    <subfield code="C">400</subfield>
  </datafield>
  <datafield tag="GSI" ind1="7" ind2=" ">
    <subfield code="a">http://d-nb.info/gnd/118797816</subfield>
    <subfield code="2">uri</subfield>
    <subfield code="A">GND</subfield>
    <subfield code="B">GND-118797816</subfield>
    <subfield code="C">024</subfield>
  </datafield>
  <datafield tag="GST" ind1=" " ind2=" ">
    <subfield code="a">Ju&#776;ngere Edda</subfield>
    <subfield code="A">GND</subfield>
    <subfield code="B">GND-042439264</subfield>
    <subfield code="C">450</subfield>
  </datafield>
  <datafield tag="GST" ind1=" " ind2=" ">
    <subfield code="a">Snorra Edda</subfield>
    <subfield code="A">GND</subfield>
    <subfield code="B">GND-042439264</subfield>
    <subfield code="C">450</subfield>
  </datafield>
  <datafield tag="GSI" ind1="7" ind2=" ">
    <subfield code="a">http://d-nb.info/gnd/4243926-7</subfield>
    <subfield code="2">uri</subfield>
    <subfield code="A">GND</subfield>
    <subfield code="B">GND-042439264</subfield>
    <subfield code="C">024</subfield>
  </datafield>
</record>